@article{Orszag1970analytical,
  title={Analytical theories of turbulence},
  author={Orszag, Steven A},
  journal={Journal of Fluid Mechanics},
  volume={41},
  number={02},
  pages={363--386},
  year={1970},
  publisher={Cambridge Univ Press},
  doi = "10.1017/S0022112070000642"
}

@article{Tiselj2001dns,
  title={Direct Numerical Simulation of turbulent heat transfer in channel flow with heat conduction in the solid wall},
  author={Tiselj, Iztok and Bergant, Robert and Mavko, Borut and Bajsi\'{c}, Ivan and Hetsroni, Gad},
  journal={Journal of heat transfer},
  volume={123},
  number={5},
  pages={849--857},
  year={2001},
  publisher={American Society of Mechanical Engineers},
  doi = "10.1115/1.1389060"
}

ï»¿@article {LaizetLi2011,
author = {Laizet, Sylvain and Li, Ning},
title = {Incompact3d: A powerful tool to tackle turbulence problems with up to O(105) computational cores},
journal = {International Journal for Numerical Methods in Fluids},
volume = {67},
number = {11},
publisher = {John Wiley & Sons, Ltd.},
issn = {1097-0363},
doi = "10.1002/fld.2480",
pages = {1735--1757},
keywords = {high performance computing, direct numerical simulation, computational fluid dynamics},
year = {2011},
}

@article{LaizetJCP2009,
title = "High-order compact schemes for incompressible flows: A simple and efficient method with quasi-spectral accuracy ",
journal = "Journal of Computational Physics ",
volume = "228",
number = "16",
pages = "5989 - 6015",
year = "2009",
note = "",
issn = "0021-9991",
doi = "10.1016/j.jcp.2009.05.010",
author = "Sylvain Laizet and Eric Lamballais",
keywords = "Direct numerical simulation",
keywords = "Compact schemes",
keywords = "Spectral methods",
keywords = "Incompressible flows",
keywords = "Immersed boundary method "
}

@article{Dairay2014,
title = "Large Eddy Simulation of a turbulent jet impinging on a heated wall using high-order numerical schemes ",
journal = "International Journal of Heat and Fluid Flow ",
volume = "",
number = "0",
pages = " - ",
year = "2014",
note = "",
issn = "0142-727X",
doi = "10.1016/j.ijheatfluidflow.2014.08.001",
author = "T. Dairay and V. Fortun\'e and E. Lamballais and L.E. Brizzi",
keywords = "Impinging jet",
keywords = "Direct numerical simulation",
keywords = "Large-eddy simulation",
keywords = "Subgrid-scale model",
keywords = "Spectral vanishing viscosity",
keywords = "Eddy viscosity model "
}

@article{kasagi1992direct,
  title={Direct Numerical Simulation of passive scalar field in a turbulent channel flow},
  author={Kasagi, N and Tomita, Y and Kuroda, A},
  journal={Journal of heat transfer},
  volume={114},
  number={3},
  pages={598--606},
  year={1992},
  publisher={American Society of Mechanical Engineers},
  doi="10.1115/1.2911323"
}

@article{kasagi1989numerical,
  title={Numerical investigation of near-wall turbulent heat transfer taking into account the unsteady heat conduction in the solid wall},
  author={Kasagi, N and Kuroda, A and Hirata, M},
  journal={Journal of Heat Transfer},
  volume={111},
  number={2},
  pages={385--392},
  year={1989},
  publisher={American Society of Mechanical Engineers},
  doi="10.1115/1.3250689"
}

@article{lamballais2011straightforward,
  title={Straightforward high-order numerical dissipation via the viscous term for direct and large eddy simulation},
  author={Lamballais, Eric and Fortun{\'e}, V{\'e}ronique and Laizet, Sylvain},
  journal={Journal of Computational Physics},
  volume={230},
  number={9},
  pages={3270--3275},
  year={2011},
  publisher={Elsevier},
  doi="10.1016/j.jcp.2011.01.040"
}

@article{lele1992compact,
  title={Compact finite difference schemes with spectral-like resolution},
  author={Lele, Sanjiva K},
  journal={Journal of computational physics},
  volume={103},
  number={1},
  pages={16--42},
  year={1992},
  publisher={Elsevier},
  doi="10.1016/0021-9991(92)90324-R"
}

@article{kawamura1998dns,
  title={DNS of turbulent heat transfer in channel flow with low to medium-high Prandtl number fluid},
  author={Kawamura, Hiroshi and Ohsaka, Kouichi and Abe, Hiroyuki and Yamamoto, Kiyoshi},
  journal={International Journal of Heat and Fluid Flow},
  volume={19},
  number={5},
  pages={482--491},
  year={1998},
  publisher={Elsevier},
  doi="10.1016/S0142-727X(98)10026-7"
}

@article{abe2009near,
  title={Near-wall similarity between velocity and scalar fluctuations in a turbulent channel flow},
  author={Abe, Hiroyuki and Antonia, Robert Anthony},
  journal={Physics of Fluids (1994-present)},
  volume={21},
  number={2},
  pages={025109},
  year={2009},
  publisher={AIP Publishing},
  doi="10.1063/1.3081555"
}

@article{abe2009correlation,
  title={Correlation between small-scale velocity and scalar fluctuations in a turbulent channel flow},
  author={Abe, Hiroyuki and Antonia, Robert Anthony and Kawamura, Hiroshi},
  journal={Journal of Fluid Mechanics},
  volume={627},
  pages={1--32},
  year={2009},
  publisher={Cambridge Univ Press},
  doi="10.1017/S0022112008005569"
}

@article{tiselj2001effect,
  title={Effect of wall boundary condition on scalar transfer in a fully developed turbulent flume},
  author={Tiselj, Iztok and Pogrebnyak, Elena and Li, Changfeng and Mosyak, Albert and Hetsroni, Gad},
  journal={Physics of Fluids (1994-present)},
  volume={13},
  number={4},
  pages={1028--1039},
  year={2001},
  publisher={AIP Publishing},
  doi="10.1063/1.1350899"
}

@article{tiselj2013double,
  title={Double-sided cooling of heated slab: Conjugate heat transfer DNS},
  author={Tiselj, Iztok and Oder, Jure and Cizelj, Leon},
  journal={International Journal of Heat and Mass Transfer},
  volume={66},
  pages={781--790},
  year={2013},
  publisher={Elsevier},
  doi="10.1016/j.ijheatmasstransfer.2013.07.076"
}

@article{giles1997stability,
  title={Stability analysis of numerical interface conditions in fluid-structure thermal analysis},
  author={Giles, MB},
  journal={International Journal for Numerical Methods in Fluids},
  volume={25},
  pages={421--436},
  year={1997},
  doi="10.1002/(SICI)1097-0363(19970830)25:4<421::AID-FLD557>3.0.CO;2-J"
}

@article{galantucci2010very,
  title={Very fine near-wall structures in turbulent scalar mixing},
  author={Galantucci, L and Quadrio, M},
  journal={International Journal of Heat and Fluid Flow},
  volume={31},
  number={4},
  pages={499--506},
  year={2010},
  publisher={Elsevier},
  doi="10.1016/j.ijheatfluidflow.2010.04.002"
}
