@article{kasagi1989numerical,
  title={Numerical investigation of near-wall turbulent heat transfer taking into account the unsteady heat conduction in the solid wall},
  author={Kasagi, N and Kuroda, A and Hirata, M},
  journal={Journal of Heat Transfer},
  volume={111},
  number={2},
  pages={385--392},
  year={1989},
  publisher={American Society of Mechanical Engineers},
  doi="10.1115/1.3250689"
}

@article{poliakov1974wall,
  title={Wall effect on temperature fluctuations in the viscous sublayer},
  author={Poliakov, AF},
  journal={High Temperature Science},
  volume={12},
  pages={286--293},
  year={1974}
}

@article{geshev1978influence,
  title={Influence of heat conduction of the wall on the turbulent prandtl number in the viscous sublayer},
  author={Geshev, PI},
  journal={Journal of engineering physics},
  volume={35},
  number={2},
  pages={949--952},
  year={1978},
  publisher={Springer},
  doi="10.1007/BF00860218"
}

@article{Tiselj2001dns,
  title={Direct Numerical Simulation of turbulent heat transfer in channel flow with heat conduction in the solid wall},
  author={Tiselj, Iztok and Bergant, Robert and Mavko, Borut and Bajsi\'{c}, Ivan and Hetsroni, Gad},
  journal={Journal of heat transfer},
  volume={123},
  number={5},
  pages={849--857},
  year={2001},
  publisher={American Society of Mechanical Engineers},
  doi = "10.1115/1.1389060"
}

@article{flageul2015dns,
  title={DNS of turbulent channel flow with conjugate heat transfer: Effect of thermal boundary conditions on the second moments and budgets},
  author={Flageul, C{\'e}dric and Benhamadouche, Sofiane and Lamballais, {\'E}ric and Laurence, Dominique},
  journal={International Journal of Heat and Fluid Flow},
  volume={55},
  pages={34--44},
  year={2015},
  publisher={Elsevier},
  doi = "10.1016/j.ijheatfluidflow.2015.07.009"
}

@article{craft2010towards,
  title={Towards the development of RANS models for conjugate heat transfer},
  author={Craft, Tim J and Iacovides, Hector and Uapipatanakul, Sakchai},
  journal={Journal of Turbulence},
  number={11},
  pages={N26},
  year={2010},
  publisher={Taylor \& Francis},
  doi = "10.1080/14685248.2010.494608"
}

@article {LaizetLi2011,
author = {Laizet, Sylvain and Li, Ning},
title = {Incompact3d: A powerful tool to tackle turbulence problems with up to O($10^5$) computational cores},
journal = {International Journal for Numerical Methods in Fluids},
volume = {67},
number = {11},
publisher = {John Wiley & Sons, Ltd.},
issn = {1097-0363},
doi = "10.1002/fld.2480",
pages = {1735--1757},
keywords = {high performance computing, direct numerical simulation, computational fluid dynamics},
year = {2011},
}

@article{LaizetJCP2009,
title = "High-order compact schemes for incompressible flows: A simple and efficient method with quasi-spectral accuracy ",
journal = "Journal of Computational Physics ",
volume = "228",
number = "16",
pages = "5989 - 6015",
year = "2009",
note = "",
issn = "0021-9991",
doi = "10.1016/j.jcp.2009.05.010",
author = "Sylvain Laizet and Eric Lamballais",
keywords = "Direct numerical simulation",
keywords = "Compact schemes",
keywords = "Spectral methods",
keywords = "Incompressible flows",
keywords = "Immersed boundary method "
}

@article{kasagi1992direct,
  title={Direct numerical simulation of passive scalar field in a turbulent channel flow},
  author={Kasagi, N and Tomita, Y and Kuroda, A},
  journal={Journal of heat transfer},
  volume={114},
  number={3},
  pages={598--606},
  year={1992},
  publisher={American Society of Mechanical Engineers},
  doi = "10.1115/1.2911323"
}

@article{orlandi2016dns,
  title={DNS of conjugate heat transfer in presence of rough surfaces},
  author={Orlandi, P and Sassun, D and Leonardi, S},
  journal={International Journal of Heat and Mass Transfer},
  volume={100},
  pages={250--266},
  year={2016},
  publisher={Elsevier},
  doi = "10.1016/j.ijheatmasstransfer.2016.04.035"
}

@article{garrido2016uncertainties,
  title={Uncertainties in the thermal fatigue assessment of pipes under turbulent fluid mixing using an improved spectral loading approach},
  author={Garrido, Oriol Costa and El Shawish, Samir and Cizelj, Leon},
  journal={International Journal of Fatigue},
  volume={82},
  pages={550--560},
  year={2016},
  publisher={Elsevier},
  doi="10.1016/j.ijfatigue.2015.09.010"
}

@incollection{kim1989transport,
  title={Transport of passive scalars in a turbulent channel flow},
  author={Kim, J and Moin, P},
  booktitle={Turbulent Shear Flows 6},
  pages={85--96},
  year={1989},
  publisher={Springer},
  doi="10.1007/978-3-642-73948-4_9"
}

@article{kawamura2000dns,
  title={DNS of turbulence and heat transport in a channel flow with different Reynolds and Prandtl numbers and boundary conditions},
  author={Kawamura, H and Abe, H and Shingai, K},
  journal={Turbulence, Heat and Mass Transfer},
  volume={3},
  pages={15--32},
  year={2000}
}

@article{galantucci2010very,
  title={Very fine near-wall structures in turbulent scalar mixing},
  author={Galantucci, L and Quadrio, M},
  journal={International Journal of Heat and Fluid Flow},
  volume={31},
  number={4},
  pages={499--506},
  year={2010},
  publisher={Elsevier},
  doi="10.1016/j.ijheatfluidflow.2010.04.002"
}

@article{lamballais2011straightforward,
  title={Straightforward high-order numerical dissipation via the viscous term for direct and large eddy simulation},
  author={Lamballais, {\'E}ric and Fortun{\'e}, V{\'e}ronique and Laizet, Sylvain},
  journal={Journal of Computational Physics},
  volume={230},
  number={9},
  pages={3270--3275},
  year={2011},
  publisher={Elsevier},
  doi="10.1016/j.jcp.2011.01.040"
}

@article{wu2017direct,
  title={Direct numerical simulation of a low momentum round jet in channel crossflow},
  author={Wu, Zhao and Laurence, Dominique and Afgan, Imran},
  journal={Nuclear Engineering and Design},
  volume={313},
  pages={273--284},
  year={2017},
  publisher={Elsevier},
  doi="10.1016/j.nucengdes.2016.12.018"
}

@article{dairay2015direct,
  title={Direct numerical simulation of a turbulent jet impinging on a heated wall},
  author={Dairay, T and Fortun{\'e}, V and Lamballais, \'E and Brizzi, LE},
  journal={J. Fluid Mech},
  volume={764},
  pages={362--394},
  year={2015},
  doi="10.1017/jfm.2014.715"
}

@book{sagaut2006large,
  title={Large eddy simulation for incompressible flows: an introduction},
  author={Sagaut, Pierre},
  year={2006},
  publisher={Springer Science \& Business Media}
}

@article{verstraete2016stability,
  title={Stability analysis of partitioned methods for predicting conjugate heat transfer},
  author={Verstraete, Tom and Scholl, Sebastian},
  journal={International Journal of Heat and Mass Transfer},
  volume={101},
  pages={852--869},
  year={2016},
  publisher={Elsevier},
  doi="10.1016/j.ijheatmasstransfer.2016.05.041"
}

@inproceedings{kolmogorov1941local,
  title={The local structure of turbulence in incompressible viscous fluid for very large Reynolds numbers},
  author={Kolmogorov, Andrei N},
  booktitle={Dokl. Akad. Nauk SSSR},
  volume={30},
  number={4},
  pages={301--305},
  year={1941},
  organization={JSTOR}
}

@inproceedings{sreenivasan1991local,
  title={On local isotropy of passive scalars in turbulent shear flows},
  author={Sreenivasan, KR},
  booktitle={Proceedings of the Royal Society of London A: Mathematical, Physical and Engineering Sciences},
  volume={434},
  number={1890},
  pages={165--182},
  year={1991},
  organization={The Royal Society},
  doi="10.1098/rspa.1991.0087"
}

@article{warhaft2000passive,
  title={Passive scalars in turbulent flows},
  author={Warhaft, Z},
  journal={Annual Review of Fluid Mechanics},
  volume={32},
  number={1},
  pages={203--240},
  year={2000},
  publisher={Annual Reviews 4139 El Camino Way, PO Box 10139, Palo Alto, CA 94303-0139, USA},
  doi="10.1146/annurev.fluid.32.1.203"
}

@article{johansson2000dns,
  title={DNS and modelling of passive scalar transport in turbulent channel flow with a focus on scalar dissipation rate modelling},
  author={Johansson, Arne V and Wikstr{\"o}m, Petra M},
  journal={Flow, turbulence and combustion},
  volume={63},
  number={1-4},
  pages={223},
  year={2000},
  publisher={Springer},
  doi="10.1023/A:1009948606944"
}

@article{germaine2014evolution,
  title={Evolution of the scalar dissipation rate downstream of a concentrated line source in turbulent channel flow},
  author={Germaine, E and Mydlarski, L and Cortelezzi, L},
  journal={Journal of Fluid Mechanics},
  volume={749},
  pages={227--274},
  year={2014},
  publisher={Cambridge Univ Press},
  doi="10.1017/jfm.2014.170"
}

@article{wu2017direct2,
  title={Direct simulation of conjugate heat transfer of jet in channel crossflow},
  author={Wu, Zhao and Laurence, Dominique and Iacovides, Hector and Afgan, Imran},
  journal={International Journal of Heat and Mass Transfer},
  volume={110},
  pages={193--208},
  year={2017},
  publisher={Elsevier},
  doi="10.1016/j.ijheatmasstransfer.2017.03.027"
}

@article{donzis2005scalar,
  title={Scalar dissipation rate and dissipative anomaly in isotropic turbulence},
  author={Donzis, DA and Sreenivasan, KR and Yeung, PKc},
  journal={Journal of Fluid Mechanics},
  volume={532},
  pages={199--216},
  year={2005},
  publisher={Cambridge Univ Press},
  doi="10.1017/S0022112005004039"
}

@article{sreenivasan1977temperature,
  title={Temperature dissipation fluctuations in a turbulent boundary layer},
  author={Sreenivasan, KR and Antonia, RA and Danh, HQ},
  journal={The Physics of Fluids},
  volume={20},
  number={8},
  pages={1238--1249},
  year={1977},
  publisher={AIP},
  doi="10.1063/1.862005"
}
